@article{de2015artificial,
    title={Artificial neural networks applied to taxi destination prediction},
    author={De Br{\'e}bisson, Alexandre and Simon, {\'E}tienne and Auvolat, Alex and Vincent, Pascal and Bengio, Yoshua},
    journal={arXiv preprint arXiv:1508.00021},
    year={2015}
}
@article{bengio2003neural,
    title={A neural probabilistic language model},
    author={Bengio, Yoshua and Ducharme, R{\'e}jean and Vincent, Pascal and Jauvin, Christian},
    journal={Journal of machine learning research},
    volume={3},
    number={Feb},
    pages={1137--1155},
    year={2003}
}
@article{guo2016entity,
    title={Entity embeddings of categorical variables},
    author={Guo, Cheng and Berkhahn, Felix},
    journal={arXiv preprint arXiv:1604.06737},
    year={2016}
}
@book{Goodfellow-et-al-2016,
    title={Deep Learning},
    author={Ian Goodfellow and Yoshua Bengio and Aaron Courville},
    publisher={MIT Press},
    note={\url{http://www.deeplearningbook.org}},
    year={2016}
}
@book{barberBRML2012,
    author = {Barber, D.},
    title= {{Bayesian Reasoning and Machine Learning}},
    publisher = {{Cambridge University Press}},
    year = 2012
}
@book{hastie2009elements,
    title={The Elements of Statistical Learning: Data Mining, Inference, and Prediction},
    author={Hastie, T. and Tibshirani, R. and Friedman, J.H.},
    isbn={9780387848846},
    lccn={2008941148},
    series={Springer series in statistics},
    url={https://books.google.de/books?id=eBSgoAEACAAJ},
    year={2009},
    publisher={Springer}
}
